
@inproceedings{Yong2008,
 	author = {Yong, X. and Ward, R. and Birch, G},
  	title = {Facial EMG Contamination of EEG Signals: Characteristics and Effects of Spatial Filtering.},
  	booktitle = {Proc. of the ISCCSP 2008, Malta},
 	year = {2008}}

@article{Balbir2017,
	Author = {Balbir, S. and Hiroaki, W. },
	Journal = {Computational and Mathematical Methods in Medicine},
	Title = { A Removal of Eye Movement and Blink Artifacts from EEG Data Using Morphological Component Analysis.},
	Year = {2017}}

@article{Repovs2010,
	Author = {Repovš, G.},
	Journal = {Informatica Medica Slovenica},
	Number = {1},
	Title = {Dealing with Noise in EEG Recording and Data Analysis.},
	Volume = {15},
	Year = {2010}}


@article{Whitham2007,
	Author = {Whitham, Emma M. and Pope, Kenneth J. and Fitzgibbon, Sean P.and Lewis, Trent W. and Willoughby, John O.},
	Journal = {Clinical Neurophysiology},
	Title = {Scalp electrical recording during paralysis: Quantitative evidence that EEG frequencies above 20Hz are contaminated by EMG.},
	Year = {2010}}

@inproceedings{Tandra2008a,
 	author = {Tandra, R. and Sahai, A.},
  	title = {Noise Calibration, Delay Coherence and SNR Walls for Signal Detection.},
  	booktitle = {Proc. of theIEEE International Symposium on Dynamic Spectrum Access Networks (DySPAN)},
 	year = {2008}}

@article{Tandra2008b,
	Author = {Tandra, R. and Sahai, A.},
	Journal = {IEEE Journal of Selected Topics in Signal Processing},
	Number = {1},
	Title = {SNR Walls for Signal Detection.},
	Volume = {2},
	Year = {2008}}

@article{Towle1993,
	Author = {Towle, V. L. and et al.},
	Journal = {Electroencephalography and Clinical Neurophysiology},
	Number = {1},
	Title = {The spatial location of EEG electrodes: Locating the best-fitting sphere relative to cortical anatomy.},
	Pages = {1--6},
	Volume = {86},
	Year = {1993}}

@article{Wolpaw1991,
	Author = {Wolpaw, J. R. and McFarland, D. J. and Neat, G. and Forneris, C. A.},
	Journal = {Electroencephalography and clinical neurophysiology},
	Number = {3},
	Title = {An eeg-based brain-computer interface for cursor control.},
	Pages = {252--259},
	Volume = {78},
	Year = {1991}}


@inproceedings{Wolpaw2004,
	Author = {Wolpaw, J. R. and McFarland, D. J.},
	booktitle  = {Proceedings of the National Academy of Sciences of the United States of America},
	Number = {51},
	Title = {Control of a two-dimensional movement signal by a noninvasive brain-computer interface in humans.},
	Volume = {101},
	Pages = {17849--54},
	Year = {2004}}

@article{Porr2018,
 	author = {Porr, B.},
  	title = {Measuring EMG and EEG simultaneously to determine the EMG pollution in the EEG during a variety of tasks.},
	Journal = { [Open Access Data Collection] DOI: 10.5525/gla.researchdata.676},
	Year = {2018}}

@article{Porr,
 	author = {Porr, B. },
  	title = {ComediRecord.},
	Url = {https://github.com/berndporr/comedirecord}}
 
@article{Kustra2017,
	Author = {Kustra, M. and Kosmowski, K. and Suchanski, M.},
	Journal = {EAI Endorsed Transactions on Cognitive Communications},
	Title = {The Influence of Noise Uncertainty and SNR Wall on the Performance of Hybrid Sensing Method.},
	Year = {2017}}


@article{Fink2014,
	Author = {Fink, A. and Benedek, M.},
	Journal = { Neuroscience Biobehavioural Reviews},
	Number = {40},
	Title = {EEG alpha power and creative ideation.},
	Pages = {111--123},
	Volume = {100},
	Year = {2014}}


@article{Frenkel2013,
	Author = {Frenkel, Toledo S. and Bentin, S. and Perry, A. and Liebermann, D. and Soroker, N.},
	Journal = {Brain Research},
	Number = {1509},
	Title = { Dynamics of the EEG power in the frequency and spatial domains during observation and execution of manual movements.},
	Pages = {43--57},
	Volume = {78},
	Year = {2013}}



@article{Pfurtscheller2006,
	Author = {Pfurtscheller, G. and Brunner, C. and Schlögl, A. and Lopes da Silva, F.},
	Journal = {Neuroimage},
	Number = {31},
	Title = {Mu rhythm (de)synchronization and EEG single-trial classification of different motor imagery tasks.},
	Pages = {153--159},
	Year = {2016}}


@article{Pfurtscheller2000,
	Author = {Pfurtscheller, G. and Neuper, C.and Krausz, G.},
	Journal = {Clinical Neurophysiology},
	Number = {111},
	Title = {Functional dissociation of lower and-upper frequency mu rhythms in relation to voluntary limb movement.},
	Pages = {1873--1879},
	Year = {2000}}


@inproceedings{Ahmadi2012,
	Author = {Ahmadi, A. and Omid, D. and Roozbeh, J.},
	booktitle  = {Proceedings of the Ninth International Conference on Wearable and Implantable Body Sensor Networks},
	Title = {Brain-computer interface signal processing algorithms: A Computational Cost vs. Accuracy Analysis for Wearable Computers.},
	Year = {2012}}
  

@article{Ahn2014,
	Author = {Ahn, M. and Lee, M. and Choi, J. and Jun, S. C.},
	Journal = {Sensors},
	Number = {4},
	Title = { A Review of Brain-Computer Interface Games and an Opinion 42 Survey from Researchers, Developers and Users.},
	Year = {2014}}


@article{Babu2017,
	Author = {Babu, G. M. and Balaji, S. V. and Adalarasu, K. and Nagasai, V. and Siva, A. and Geethanjali, B.},
	Journal = {Biomedical Research (0970-938X) - Special Issue},
	Number = {28},
	Title = {Brain computer interface for vehicle navigation.},
	Pages = {334--350},
	Year = {2017}}


@article{Chung2015,
	Author = {Chung, E. and Kim, J. H. and Park, D. S. and Lee, B. H.},
	Journal = {Journal of Physical Therapy Science},
	Number = {27},
	Title = {Effects of brain-computer interface-based functional electrical stimulation on brain activation in stroke patients: a pilot randomized controlled trial.},
	Pages = {559--562},
	Volume = {3},
	Year = {2015}}


@article{Delorme2007,
	Author = {Delorme, A. and Sejnowski, T. and Makeig, S.},
	Journal = {NeuroImage},
	Number = {34},
	Title = {Enhanced detection of artifacts in EEG data using higher-order statistics and independent component analysis.},
	Pages = {1443--1449},
	Year = {2007}}


@article{Fitzgibbon2007,
	Author = {Fitzgibbon, S. and Powers, D. and Pope, K. and Clark, C.},
	Journal = {Journal of Clinical Neurophysiology},
	Number = {24},
	Title = {Removal of EEG Noise and Artifact Using Blind Source Separation.},
	Pages = {232--243},
	Volume = {3},
	Year = {2007}}

@article{Gala2008,
	Author = {Gala, F.},
	Journal = {Clinical Neurophysiology},
	Number = {119},
	Title = {A brain-actuated wheelchair: Asynchronous and non-invasive Brain computer interfaces for continuous control of robots.},
	Pages = {2159--2169},
	Year = {2008}}


@inproceedings{Jirayucharoensak2013,
	Author = {Jirayucharoensak, S. and Israsena, P. and Panngum, S. and Hemrungrojn, S.},
	booktitle = {Proceedings of the 6th (2013) Biomedical Engineering International Conference},
	Title = {Online eeg artifact suppression for neurofeedback training systems.},
	Pages = {1--5},
	Year = {2013}}


@inproceedings{Kai2010,
	Author = {Kai, K. A.},
	booktitle  = {Proceedings of the 32nd Annual International Conference of the IEEE EMBS},
	Title = {Clinical study of neurorehabilitation in stroke using EEG-based motor imagery brain computer interface with robotic feedback.},
	Year = {2010}}


@article{Kerous2018,
	Author = {Kerous, B. and Skola, F. and Liarokapis, F.},
	Journal = {Virtual Reality},
	Number = {22},
	Title = {EEG based BCI and video games: a progress report},
	Pages = {119--135},
	Year = {2018}}


@article{Khulman1978,
	Author = {Khulman, W.},
	Journal = {Electroencephalography and Clinical Neurphysiology},
	Number = {44},
	Title = {Functional topography of the human mu rhythm.},
	Pages = {83--93},
	Year = {1978}}


@article{Liao2014,
	Author = {Liao, L. and Wu, S. and Liou, C. and Lu, S. and Chen, S. and Chen, S. and Lin, C.},
	Journal = {IEEE Transactions on Instrumentation and Measurement},
	Number = {63},
	Title = { A novel 16-channel wireless system for electroencephalography measurements with dry spring-loaded sensors.},
	Volume = {6},
	Year = {2014}}


@inproceedings{Liu2018,
	Author = {Liu, J. and Wu, X. and Zhang, L. and Zhou, B.},
	booktitle = {Proceedings of the 9th International Conference in Advances in Brain Inspired Cognitive Systems (BICS 2018)},
	Title = {A Hybrid Brain Computer Interface System Based on Motor Imageries and Eye Blinking.},
	Year = {2018}}


@inproceedings{Manoilov2006,
	Author = {Manoilov, P.},
	booktitle  = {Proceedings of the International Conference on Computer Systems and Technologies CompSysTech06},
	Title = {EEG Eye Blinking Artefacts Power Spectrum Analysis.},
	Year = {2006}}


@article{Mantini2008,
	Author = {Mantini, D. and Franciotti, R. and Romani, G. and Pizzella, V.},
	Journal = {Neuroimage},
	Number = {40},
	Title = {Improving MEG source localizations: an automated method for complete artefact removal based on independent component analysis.},
	Pages = {160--173},
	Year = {2008}}

@article{Martisius2016,
	Author = {Martišius, I. and DamaševiIius, R.},
	Journal = {Computational Intelligence and Neuroscience},
	Title = {A Prototype SSVEP Based Real Time BCI Gaming System.},
	Year = {2016}}

@article{Mognon2011,
	Author = {Mognon, A. and Jovicich, J. and Bruzzone, L. and Buiatti, M.},
	Journal = {Psychophysiology},
	Number = {48},
	Title = {ADJUST: an automatic EEG artefact detector based on the joint use of spatial and temporal features.},
	Pages = {229--240},
	Year = {2011}}


@article{Rak2012,
	Author = {Rak, R. and Kołodziej, M. and Majkowski, A.},
	Journal = {Metrology and Measurement Systems},
	Title = {Brain-Computer Interface as Measurement and Control Systems: the Review Paper.},
	Pages = {427--444},
	Year = {2012}}

@article{Sanei2007,
	Author = {Sanei, S. and Chambers, J.},
	Journal = {John Wiley and Sons Ltd.},
	Title = {EEG Signal Processing.},
	Year = {2007}}


@article{Tamburro2018,
	Author = {Tamburro, G. and Fiedler, P. and Stone, D. and Haueisen, J. and Comani, S.},
	Journal = {PeerJ},
	Number = {6},
	Title = {A new ICA-based fingerprint method for the automatic removal of physiological artifacts from EEG recordings.},
	Volume = {4380},
	Year = {2018}}


@article{Xu2009,
	Author = {Xu, Q. and Zhou, H. and Wang, Y. and Huang, J.},
	Journal = {Medical Engineering and Physics},
	Number = {31},
	Title = {Fuzzy support vector machine for classification of EEG signals using wavelet-based features.},
	Pages = {858--865},
	Year = {2009}}




